00546cas a22002173  4500
001 9917735543502836
003 Nz
005 20210401183019.0
008 990929d18651866nz wr|ne      |   b eng d
035    $a 14666
035    $a (Nz)5092909
035    $a (OCoLC)173365360
035    $a (NLNZils)1773554-ilsdb
040    $a WN $c WN
042    $a nznb
245 00 $a Auckland weekly argus.
260    $a Auckland [N.Z.]
310    $a Weekly
362 0  $a 1865 Jan.7-1866 Jan.?
651  0 $a Auckland (N.Z.) $v Newspapers.
655  7 $a New Zealand newspapers. $2 local $5 Nz
